@inproceedings{oliveira2015modular,
  title={Modular reifiable matching: a list-of-functors approach to two-level types},
  author={Oliveira, Bruno C d S and Mu, Shin-Cheng and You, Shu-Hung},
  booktitle={Proceedings of the 8th ACM SIGPLAN Symposium on Haskell},
  pages={82--93},
  year={2015},
  organization={ACM}
}

@book{pierce2002types,
  title={Types and programming languages},
  author={Pierce, Benjamin C},
  year={2002},
  publisher={MIT press}
}

@article{ragan2013halide,
  title={Halide: a language and compiler for optimizing parallelism, locality, and recomputation in image processing pipelines},
  author={Ragan-Kelley, Jonathan and Barnes, Connelly and Adams, Andrew and Paris, Sylvain and Durand, Fr{\'e}do and Amarasinghe, Saman},
  journal={ACM SIGPLAN Notices},
  volume={48},
  number={6},
  pages={519--530},
  year={2013},
  publisher={ACM}
}

@article{ragan2012decoupling,
  title={Decoupling algorithms from schedules for easy optimization of image processing pipelines.},
  author={Ragan-Kelley, Jonathan and Adams, Andrew and Paris, Sylvain and Levoy, Marc and Amarasinghe, Saman P and Durand, Fr{\'e}do},
  journal={ACM Trans. Graph.},
  volume={31},
  number={4},
  pages={32},
  year={2012},
  publisher={Citeseer}
}

@article{moczo2007finite,
  title={The finite-difference time-domain method for modeling of seismic wave propagation},
  author={Moczo, Peter and Robertsson, Johan OA and Eisner, Leo},
  journal={Advances in Geophysics},
  volume={48},
  pages={421--516},
  year={2007},
  publisher={Elsevier}
}

@article{johnson2008notes,
  title={Notes on perfectly matched layers (PMLs)},
  author={Johnson, Steven G},
  journal={Lecture notes, Massachusetts Institute of Technology, Massachusetts},
  year={2008}
}

@article{Muranushi2012Paraiso,
  title={Paraiso: an automated tuning framework for explicit solvers of partial differential equations},
  author={Muranushi, Takayuki},
  journal={Computational Science \& Discovery},
  volume={5},
  number={1},
  pages={015003},
  year={2012},
  publisher={IOP Publishing}
}


@techreport{kim2011closing,
  title={Closing the Ninja Performance Gap through Traditional Programming and Compiler Technology},
  author={Kim, Changkyu and Satish, Nadathur and Chhugani, Jatin and Saito, Hideki and Krishnaiyer, Rakesh and Smelyanskiy, Mikhail and Girkar, Milind and Dubey, Pradeep},
  year={2011},
  institution={Technical report, Intel Labs}
}

@inproceedings{satish2012can,
  title={Can traditional programming bridge the ninja performance gap for parallel computing applications?},
  author={Satish, Nadathur and Kim, Changkyu and Chhugani, Jatin and Saito, Hideki and Krishnaiyer, Rakesh and Smelyanskiy, Mikhail and Girkar, Milind and Dubey, Pradeep},
  booktitle={ACM SIGARCH Computer Architecture News},
  volume={40},
  number={3},
  pages={440--451},
  year={2012},
  organization={IEEE Computer Society}
}



@inproceedings{maruyama2011physis,
  title={Physis: an implicitly parallel programming model for stencil computations on large-scale GPU-accelerated supercomputers},
  author={Maruyama, Naoya and Nomura, Tatsuo and Sato, Kento and Matsuoka, Satoshi},
  booktitle={High Performance Computing, Networking, Storage and Analysis (SC), 2011 International Conference for},
  pages={1--12},
  year={2011},
  organization={IEEE}
}

@inproceedings{Schafer:2008:LGL:1431669.1431721,
  author = {Sch\"{a}fer, Andreas and Fey, Dietmar},
  title = {LibGeoDecomp: A Grid-Enabled Library for Geometric Decomposition Codes},
  booktitle = {Proceedings of the 15th European PVM/MPI Users' Group Meeting on
    Recent Advances in Parallel Virtual Machine and Message Passing Interface},
  year = {2008},
  isbn = {978-3-540-87474-4},
  location = {Dublin, Ireland},
  pages = {285--294},
  numpages = {10},
  url = {http://dx.doi.org/10.1007/978-3-540-87475-1_39},
  doi = {http://dx.doi.org/10.1007/978-3-540-87475-1_39},
  acmid = {1431721},
  publisher = {Springer-Verlag},
  address = {Berlin, Heidelberg},
  keywords = {Grid computing, hierarchical parallelization, self-adaptation},
}

@book{lipovaca2012Sugoi,
  title={すごい Haskell たのしく学ぼう!},
  author={Lipovača, Miran and Tanaka, Hideyuki and Muranushi, Takayuki},
  year={2012},
  publisher={株式会社 オーム社}
}

@incollection{claessen1999observable,
  title={Observable sharing for functional circuit description},
  author={Claessen, Koen and Sands, David},
  booktitle={Advances in Computing Science—ASIAN’99},
  pages={62--73},
  year={1999},
  publisher={Springer}
}

@article{conway1970game,
  title={The game of life},
  author={Conway, John},
  journal={Scientific American},
  volume={223},
  number={4},
  pages={4},
  year={1970},
  publisher={ACM Press}
}

@inproceedings{bedorf201424,
  title={24.77 Pflops on a gravitational tree-code to simulate the Milky Way Galaxy with 18600 GPUs},
  author={B{\'e}dorf, Jeroen and Gaburov, Evghenii and Fujii, Michiko S and Nitadori, Keigo and Ishiyama, Tomoaki and Zwart, Simon Portegies},
  booktitle={Proceedings of the International Conference for High Performance Computing, Networking, Storage and Analysis},
  pages={54--65},
  year={2014},
  organization={IEEE Press}
}

@inproceedings{ishiyama20124,
  title={4.45 Pflops astrophysical N-body simulation on K computer--The gravitational trillion-body problem},
  author={Ishiyama, Tomoaki and Nitadori, Keigo and Makino, Junichiro},
  booktitle={High Performance Computing, Networking, Storage and Analysis (SC), 2012 International Conference for},
  pages={1--10},
  year={2012},
  organization={IEEE}
}

@inproceedings{tang2011pochoir,
  title={The pochoir stencil compiler},
  author={Tang, Yuan and Chowdhury, Rezaul Alam and Kuszmaul, Bradley C and Luk, Chi-Keung and Leiserson, Charles E},
  booktitle={Proceedings of the twenty-third annual ACM symposium on Parallelism in algorithms and architectures},
  pages={117--128},
  year={2011},
  organization={ACM}
}

@InProceedings{ansel:pact:2014,
  author    = "Jason Ansel and Shoaib Kamil and Kalyan Veeramachaneni and Jonathan Ragan-Kelley and Jeffrey Bosboom and Una-May O'Reilly and Saman Amarasinghe",
  title     = "OpenTuner: An Extensible Framework for Program Autotuning",
  url       = "http://groups.csail.mit.edu/commit/papers/2014/ansel-pact14-opentuner.pdf",
  slides    = "http://groups.csail.mit.edu/commit/papers/2014/ansel-pact14-opentuner-slides.pdf",
  keywords  = "OpenTuner",
  month     = "August",
  year      = "2014",
  address   = "Edmonton, Canada",
  booktitle = "International Conference on Parallel Architectures and Compilation Techniques",
}

@article{johnson2008notes,
  title={Notes on perfectly matched layers (PMLs)},
  author={Johnson, Steven G},
  journal={Lecture notes, Massachusetts Institute of Technology, Massachusetts},
  year={2008}
}

@inproceedings{rafkind2012honu,
  title={Honu: syntactic extension for algebraic notation through enforestation},
  author={Rafkind, Jon and Flatt, Matthew},
  booktitle={ACM SIGPLAN Notices},
  volume={48},
  number={3},
  pages={122--131},
  year={2012},
  organization={ACM}
}

@article{nishizawa2015scale,
  title={The detail formulation of {SCALE-LES}},
  author={Nishizawa, Seiya and Tomita, Hirofumi and {Team SCALE}},
  year={2015}
}

@article{latticesubwg2015formura,
  title={The Formura Specification},
  author={{Lattice Sub Working Group}},
  year={2015}
}


@phdthesis{rafkind2013syntactic,
  title={Syntactic extension for languages with implicitly delimited and infix syntax},
  author={Rafkind, Jon},
  year={2013},
  school={THE UNIVERSITY OF UTAH}
}

@article{pearson1993complex,
  title={Complex patterns in a simple system},
  author={Pearson, John E},
  journal={Science},
  volume={261},
  number={5118},
  pages={189--192},
  year={1993},
  publisher={American Association for the Advancement of Science}
}
